Trade_Time,Price_USD,Volume_BTC,Symbol
2025-09-30 01:35:57.506,114416.7,0.01,BTCUSDT
2025-09-30 01:35:57.617,114416.6,0.095,BTCUSDT
2025-09-30 01:35:57.617,114416.6,0.005,BTCUSDT
2025-09-30 01:35:57.618,114416.6,0.003,BTCUSDT
2025-09-30 01:35:57.756,114416.7,0.044,BTCUSDT
2025-09-30 01:35:58.380,114416.6,0.002,BTCUSDT
2025-09-30 01:35:58.629,114416.6,0.001,BTCUSDT
2025-09-30 01:35:58.629,114416.6,0.007,BTCUSDT
2025-09-30 01:35:58.796,114416.7,0.044,BTCUSDT
2025-09-30 01:35:58.977,114416.7,0.102,BTCUSDT
2025-09-30 01:35:58.977,114416.7,0.012,BTCUSDT
2025-09-30 01:35:58.977,114416.7,0.023,BTCUSDT
2025-09-30 01:35:59.036,114416.7,0.025,BTCUSDT
2025-09-30 01:35:59.298,114416.6,0.01,BTCUSDT
2025-09-30 01:35:59.805,114416.7,0.044,BTCUSDT
2025-09-30 01:35:59.811,114416.7,0.01,BTCUSDT
2025-09-30 01:35:59.990,114416.6,0.01,BTCUSDT
2025-09-30 01:36:00.019,114416.7,0.007,BTCUSDT
2025-09-30 01:36:00.205,114416.7,0.027,BTCUSDT
2025-09-30 01:36:00.264,114416.7,0.001,BTCUSDT
2025-09-30 01:36:00.667,114416.6,0.1,BTCUSDT
2025-09-30 01:36:00.802,114416.7,0.043,BTCUSDT
2025-09-30 01:36:00.894,114416.7,0.017,BTCUSDT
2025-09-30 01:36:01.017,114416.6,0.012,BTCUSDT
2025-09-30 01:36:01.180,114416.6,0.077,BTCUSDT
2025-09-30 01:36:01.180,114416.6,0.001,BTCUSDT
2025-09-30 01:36:01.180,114416.6,0.001,BTCUSDT
2025-09-30 01:36:01.180,114416.6,0.001,BTCUSDT
2025-09-30 01:36:01.180,114416.6,0.001,BTCUSDT
2025-09-30 01:36:01.180,114416.6,0.001,BTCUSDT
2025-09-30 01:36:01.180,114416.6,0.001,BTCUSDT
2025-09-30 01:36:01.180,114416.6,0.001,BTCUSDT
2025-09-30 01:36:01.180,114416.6,0.125,BTCUSDT
2025-09-30 01:36:01.180,114416.6,0.001,BTCUSDT
2025-09-30 01:36:01.180,114416.6,0.001,BTCUSDT
2025-09-30 01:36:01.180,114416.6,0.46,BTCUSDT
2025-09-30 01:36:01.533,114416.6,0.006,BTCUSDT
2025-09-30 01:36:01.535,114416.6,0.026,BTCUSDT
2025-09-30 01:36:01.536,114416.6,0.308,BTCUSDT
2025-09-30 01:36:01.536,114416.6,0.001,BTCUSDT
2025-09-30 01:36:01.536,114416.6,0.001,BTCUSDT
2025-09-30 01:36:01.536,114416.6,0.001,BTCUSDT
2025-09-30 01:36:01.536,114416.6,0.008,BTCUSDT
2025-09-30 01:36:01.537,114416.6,0.019,BTCUSDT
2025-09-30 01:36:01.537,114416.6,0.016,BTCUSDT
2025-09-30 01:36:01.538,114416.7,0.001,BTCUSDT
2025-09-30 01:36:01.541,114416.6,0.001,BTCUSDT
2025-09-30 01:36:01.541,114416.6,0.052,BTCUSDT
2025-09-30 01:36:01.543,114416.6,0.035,BTCUSDT
2025-09-30 01:36:01.544,114416.6,0.004,BTCUSDT
2025-09-30 01:36:01.547,114416.6,0.03,BTCUSDT
2025-09-30 01:36:01.619,114416.6,0.006,BTCUSDT
2025-09-30 01:36:01.634,114416.7,0.001,BTCUSDT
2025-09-30 01:36:01.635,114416.6,0.27,BTCUSDT
2025-09-30 01:36:01.635,114416.6,0.251,BTCUSDT
2025-09-30 01:36:01.641,114416.6,0.001,BTCUSDT
2025-09-30 01:36:01.641,114416.6,0.1,BTCUSDT
2025-09-30 01:36:01.641,114416.6,0.001,BTCUSDT
2025-09-30 01:36:01.641,114416.6,0.006,BTCUSDT
2025-09-30 01:36:01.641,114416.6,0.017,BTCUSDT
2025-09-30 01:36:01.641,114416.6,0.273,BTCUSDT
2025-09-30 01:36:01.641,114416.6,0.001,BTCUSDT
2025-09-30 01:36:01.641,114416.6,0.017,BTCUSDT
2025-09-30 01:36:01.641,114416.6,0.007,BTCUSDT
2025-09-30 01:36:01.641,114416.6,0.099,BTCUSDT
2025-09-30 01:36:01.641,114416.6,0.065,BTCUSDT
2025-09-30 01:36:01.641,114416.6,0.092,BTCUSDT
2025-09-30 01:36:01.641,114416.6,0.103,BTCUSDT
2025-09-30 01:36:01.641,114416.6,0.073,BTCUSDT
2025-09-30 01:36:01.641,114416.6,0.097,BTCUSDT
2025-09-30 01:36:01.641,114416.6,0.108,BTCUSDT
2025-09-30 01:36:01.641,114416.6,0.106,BTCUSDT
2025-09-30 01:36:01.641,114416.6,0.117,BTCUSDT
2025-09-30 01:36:01.641,114416.6,0.001,BTCUSDT
2025-09-30 01:36:01.641,114416.6,0.124,BTCUSDT
2025-09-30 01:36:01.641,114416.6,0.002,BTCUSDT
2025-09-30 01:36:01.641,114416.6,0.043,BTCUSDT
2025-09-30 01:36:01.641,114416.6,0.005,BTCUSDT
2025-09-30 01:36:01.641,114416.6,0.07,BTCUSDT
2025-09-30 01:36:01.641,114416.6,0.07,BTCUSDT
2025-09-30 01:36:01.641,114416.6,0.07,BTCUSDT
2025-09-30 01:36:01.641,114416.6,0.07,BTCUSDT
2025-09-30 01:36:01.641,114416.6,0.07,BTCUSDT
2025-09-30 01:36:01.641,114416.6,0.07,BTCUSDT
2025-09-30 01:36:01.641,114416.6,0.001,BTCUSDT
2025-09-30 01:36:01.641,114416.6,0.006,BTCUSDT
2025-09-30 01:36:01.641,114416.6,0.01,BTCUSDT
2025-09-30 01:36:01.641,114416.6,0.008,BTCUSDT
2025-09-30 01:36:01.641,114416.6,0.001,BTCUSDT
2025-09-30 01:36:01.641,114416.6,0.031,BTCUSDT
2025-09-30 01:36:01.641,114416.5,0.001,BTCUSDT
2025-09-30 01:36:01.641,114416.5,0.001,BTCUSDT
2025-09-30 01:36:01.641,114416.5,0.004,BTCUSDT
2025-09-30 01:36:01.641,114416.5,0.002,BTCUSDT
2025-09-30 01:36:01.641,114416.5,0.001,BTCUSDT
2025-09-30 01:36:01.641,114416.5,0.001,BTCUSDT
2025-09-30 01:36:01.641,114416.5,0.001,BTCUSDT
2025-09-30 01:36:01.641,114416.5,0.069,BTCUSDT
2025-09-30 01:36:01.641,114416.5,0.001,BTCUSDT
2025-09-30 01:36:01.641,114416.5,0.003,BTCUSDT
2025-09-30 01:36:01.641,114416.4,0.001,BTCUSDT
2025-09-30 01:36:01.641,114416.3,0.018,BTCUSDT
2025-09-30 01:36:01.641,114416.2,0.001,BTCUSDT
2025-09-30 01:36:01.641,114416.2,0.001,BTCUSDT
2025-09-30 01:36:01.641,114416.2,0.001,BTCUSDT
2025-09-30 01:36:01.641,114416.2,0.001,BTCUSDT
2025-09-30 01:36:01.641,114416.2,0.001,BTCUSDT
2025-09-30 01:36:01.641,114416.2,0.002,BTCUSDT
2025-09-30 01:36:01.641,114416.1,0.001,BTCUSDT
2025-09-30 01:36:01.641,114416.1,0.001,BTCUSDT
2025-09-30 01:36:01.641,114416.0,0.233,BTCUSDT
2025-09-30 01:36:01.642,114416.0,0.109,BTCUSDT
2025-09-30 01:36:01.642,114416.0,1.406,BTCUSDT
2025-09-30 01:36:01.642,114416.0,0.05,BTCUSDT
2025-09-30 01:36:01.642,114415.8,0.003,BTCUSDT
2025-09-30 01:36:01.642,114415.3,0.013,BTCUSDT
2025-09-30 01:36:01.642,114415.2,0.001,BTCUSDT
2025-09-30 01:36:01.642,114415.2,0.05,BTCUSDT
2025-09-30 01:36:01.643,114416.0,0.237,BTCUSDT
2025-09-30 01:36:01.643,114416.0,0.386,BTCUSDT
2025-09-30 01:36:01.647,114416.0,0.276,BTCUSDT
2025-09-30 01:36:01.653,114416.0,0.933,BTCUSDT
2025-09-30 01:36:01.655,114416.0,0.544,BTCUSDT
2025-09-30 01:36:01.658,114416.0,0.009,BTCUSDT
2025-09-30 01:36:01.667,114416.0,0.514,BTCUSDT
2025-09-30 01:36:01.667,114416.0,0.004,BTCUSDT
2025-09-30 01:36:01.675,114416.0,0.001,BTCUSDT
2025-09-30 01:36:01.675,114416.0,0.001,BTCUSDT
2025-09-30 01:36:01.675,114416.0,0.001,BTCUSDT
2025-09-30 01:36:01.675,114416.0,0.05,BTCUSDT
2025-09-30 01:36:01.675,114416.0,0.001,BTCUSDT
2025-09-30 01:36:01.675,114416.0,0.07,BTCUSDT
2025-09-30 01:36:01.675,114416.0,0.07,BTCUSDT
2025-09-30 01:36:01.675,114416.0,0.001,BTCUSDT
2025-09-30 01:36:01.675,114416.0,0.006,BTCUSDT
2025-09-30 01:36:01.675,114416.0,0.001,BTCUSDT
2025-09-30 01:36:01.675,114416.0,0.046,BTCUSDT
2025-09-30 01:36:01.675,114416.0,0.064,BTCUSDT
2025-09-30 01:36:01.675,114416.0,0.135,BTCUSDT
2025-09-30 01:36:01.675,114416.0,0.003,BTCUSDT
2025-09-30 01:36:01.675,114416.0,0.07,BTCUSDT
2025-09-30 01:36:01.675,114416.0,0.001,BTCUSDT
2025-09-30 01:36:01.675,114416.0,0.001,BTCUSDT
2025-09-30 01:36:01.675,114415.4,0.066,BTCUSDT
2025-09-30 01:36:01.689,114416.0,0.02,BTCUSDT
2025-09-30 01:36:01.690,114416.0,0.05,BTCUSDT
2025-09-30 01:36:01.690,114416.0,0.07,BTCUSDT
2025-09-30 01:36:01.690,114416.0,0.015,BTCUSDT
2025-09-30 01:36:01.690,114416.0,0.055,BTCUSDT
2025-09-30 01:36:01.690,114415.9,0.002,BTCUSDT
2025-09-30 01:36:01.690,114415.2,0.001,BTCUSDT
2025-09-30 01:36:01.690,114415.0,0.004,BTCUSDT
2025-09-30 01:36:01.690,114415.0,0.589,BTCUSDT
2025-09-30 01:36:01.690,114415.0,0.027,BTCUSDT
2025-09-30 01:36:01.691,114415.0,0.166,BTCUSDT
2025-09-30 01:36:01.692,114415.0,0.166,BTCUSDT
2025-09-30 01:36:01.735,114415.1,0.001,BTCUSDT
2025-09-30 01:36:01.836,114415.1,0.004,BTCUSDT
2025-09-30 01:36:01.836,114415.1,0.039,BTCUSDT
2025-09-30 01:36:02.019,114415.0,0.001,BTCUSDT
2025-09-30 01:36:02.019,114415.0,0.001,BTCUSDT
2025-09-30 01:36:02.019,114415.0,0.001,BTCUSDT
2025-09-30 01:36:02.019,114415.0,0.001,BTCUSDT
2025-09-30 01:36:02.019,114415.0,0.03,BTCUSDT
2025-09-30 01:36:02.052,114415.0,0.034,BTCUSDT
2025-09-30 01:36:02.052,114415.0,0.064,BTCUSDT
2025-09-30 01:36:02.052,114415.0,0.064,BTCUSDT
2025-09-30 01:36:02.052,114415.0,0.064,BTCUSDT
2025-09-30 01:36:02.052,114415.0,0.064,BTCUSDT
2025-09-30 01:36:02.052,114415.0,0.064,BTCUSDT
2025-09-30 01:36:02.052,114415.0,0.003,BTCUSDT
2025-09-30 01:36:02.052,114415.0,0.002,BTCUSDT
2025-09-30 01:36:02.052,114415.0,0.001,BTCUSDT
2025-09-30 01:36:02.052,114415.0,0.149,BTCUSDT
2025-09-30 01:36:02.052,114415.0,0.006,BTCUSDT
2025-09-30 01:36:02.052,114415.0,0.001,BTCUSDT
2025-09-30 01:36:02.052,114414.9,0.001,BTCUSDT
2025-09-30 01:36:02.052,114414.9,0.002,BTCUSDT
2025-09-30 01:36:02.052,114414.9,0.001,BTCUSDT
2025-09-30 01:36:02.052,114414.9,0.001,BTCUSDT
2025-09-30 01:36:02.052,114414.9,0.042,BTCUSDT
2025-09-30 01:36:02.052,114414.8,3.314,BTCUSDT
2025-09-30 01:36:02.052,114414.8,0.002,BTCUSDT
2025-09-30 01:36:02.052,114414.7,0.002,BTCUSDT
2025-09-30 01:36:02.052,114414.6,0.027,BTCUSDT
2025-09-30 01:36:02.052,114414.5,0.001,BTCUSDT
2025-09-30 01:36:02.052,114414.5,0.007,BTCUSDT
2025-09-30 01:36:02.052,114414.5,0.003,BTCUSDT
2025-09-30 01:36:02.052,114414.3,0.033,BTCUSDT
2025-09-30 01:36:02.052,114414.2,0.002,BTCUSDT
2025-09-30 01:36:02.052,114414.2,0.002,BTCUSDT
2025-09-30 01:36:02.052,114413.9,0.001,BTCUSDT
2025-09-30 01:36:02.052,114413.2,0.001,BTCUSDT
2025-09-30 01:36:02.052,114413.1,0.002,BTCUSDT
2025-09-30 01:36:02.052,114412.7,0.002,BTCUSDT
2025-09-30 01:36:02.052,114412.2,0.001,BTCUSDT
2025-09-30 01:36:02.052,114412.2,0.001,BTCUSDT
2025-09-30 01:36:02.052,114412.2,0.013,BTCUSDT
2025-09-30 01:36:02.052,114411.7,0.002,BTCUSDT
2025-09-30 01:36:02.052,114411.3,0.002,BTCUSDT
2025-09-30 01:36:02.052,114411.1,0.017,BTCUSDT
2025-09-30 01:36:02.052,114411.0,0.002,BTCUSDT
2025-09-30 01:36:02.052,114410.9,0.005,BTCUSDT
2025-09-30 01:36:02.052,114410.8,0.001,BTCUSDT
2025-09-30 01:36:02.052,114410.7,0.002,BTCUSDT
2025-09-30 01:36:02.052,114410.5,0.001,BTCUSDT
2025-09-30 01:36:02.052,114410.4,0.002,BTCUSDT
2025-09-30 01:36:02.052,114410.4,0.002,BTCUSDT
2025-09-30 01:36:02.052,114410.4,0.066,BTCUSDT
2025-09-30 01:36:02.052,114410.1,0.002,BTCUSDT
2025-09-30 01:36:02.052,114410.0,0.001,BTCUSDT
2025-09-30 01:36:02.052,114410.0,0.002,BTCUSDT
2025-09-30 01:36:02.052,114409.8,0.001,BTCUSDT
2025-09-30 01:36:02.052,114409.8,0.002,BTCUSDT
2025-09-30 01:36:02.052,114409.5,0.001,BTCUSDT
2025-09-30 01:36:02.052,114409.3,0.001,BTCUSDT
2025-09-30 01:36:02.052,114409.3,0.06,BTCUSDT
2025-09-30 01:36:02.052,114409.3,0.969,BTCUSDT
2025-09-30 01:36:02.052,114409.2,0.002,BTCUSDT
2025-09-30 01:36:02.052,114409.1,0.002,BTCUSDT
2025-09-30 01:36:02.052,114409.1,0.068,BTCUSDT
2025-09-30 01:36:02.052,114409.0,0.005,BTCUSDT
2025-09-30 01:36:02.052,114408.8,0.001,BTCUSDT
2025-09-30 01:36:02.052,114408.5,0.002,BTCUSDT
2025-09-30 01:36:02.052,114408.5,0.025,BTCUSDT
2025-09-30 01:36:02.052,114408.4,0.002,BTCUSDT
2025-09-30 01:36:02.052,114408.1,0.001,BTCUSDT
2025-09-30 01:36:02.052,114407.7,0.002,BTCUSDT
2025-09-30 01:36:02.053,114407.7,0.001,BTCUSDT
2025-09-30 01:36:02.053,114407.5,0.001,BTCUSDT
2025-09-30 01:36:02.053,114407.5,0.003,BTCUSDT
2025-09-30 01:36:02.053,114407.3,0.002,BTCUSDT
2025-09-30 01:36:02.053,114407.1,0.001,BTCUSDT
2025-09-30 01:36:02.053,114406.9,0.001,BTCUSDT
2025-09-30 01:36:02.053,114406.8,0.065,BTCUSDT
2025-09-30 01:36:02.053,114406.8,0.003,BTCUSDT
2025-09-30 01:36:02.053,114406.8,0.003,BTCUSDT
2025-09-30 01:36:02.053,114406.6,0.002,BTCUSDT
2025-09-30 01:36:02.053,114406.4,0.001,BTCUSDT
2025-09-30 01:36:02.053,114406.3,0.006,BTCUSDT
2025-09-30 01:36:02.053,114406.3,0.001,BTCUSDT
2025-09-30 01:36:02.053,114406.2,0.002,BTCUSDT
2025-09-30 01:36:02.053,114406.1,0.007,BTCUSDT
2025-09-30 01:36:02.053,114406.1,0.029,BTCUSDT
2025-09-30 01:36:02.053,114406.1,0.012,BTCUSDT
2025-09-30 01:36:02.053,114406.0,0.009,BTCUSDT
2025-09-30 01:36:02.053,114405.6,0.002,BTCUSDT
2025-09-30 01:36:02.053,114405.4,0.001,BTCUSDT
2025-09-30 01:36:02.053,114405.3,0.002,BTCUSDT
2025-09-30 01:36:02.053,114405.1,0.002,BTCUSDT
2025-09-30 01:36:02.053,114405.1,0.002,BTCUSDT
2025-09-30 01:36:02.053,114405.0,0.002,BTCUSDT
2025-09-30 01:36:02.053,114405.0,0.001,BTCUSDT
2025-09-30 01:36:02.053,114405.0,0.2,BTCUSDT
2025-09-30 01:36:02.053,114404.9,0.004,BTCUSDT
2025-09-30 01:36:02.053,114404.8,0.003,BTCUSDT
2025-09-30 01:36:02.053,114404.7,0.002,BTCUSDT
2025-09-30 01:36:02.053,114404.7,0.066,BTCUSDT
2025-09-30 01:36:02.053,114404.5,0.002,BTCUSDT
2025-09-30 01:36:02.053,114404.5,0.005,BTCUSDT
2025-09-30 01:36:02.053,114404.5,1.093,BTCUSDT
2025-09-30 01:36:02.053,114404.4,0.001,BTCUSDT
2025-09-30 01:36:02.053,114404.4,0.001,BTCUSDT
2025-09-30 01:36:02.053,114404.4,1.571,BTCUSDT
2025-09-30 01:36:02.053,114404.4,0.001,BTCUSDT
2025-09-30 01:36:02.053,114404.1,0.001,BTCUSDT
2025-09-30 01:36:02.053,114404.1,0.002,BTCUSDT
2025-09-30 01:36:02.053,114404.0,0.01,BTCUSDT
2025-09-30 01:36:02.053,114403.9,0.002,BTCUSDT
2025-09-30 01:36:02.053,114403.9,0.002,BTCUSDT
2025-09-30 01:36:02.053,114403.6,0.003,BTCUSDT
2025-09-30 01:36:02.053,114403.4,0.002,BTCUSDT
2025-09-30 01:36:02.053,114403.3,0.002,BTCUSDT
2025-09-30 01:36:02.053,114403.3,0.001,BTCUSDT
2025-09-30 01:36:02.053,114403.2,0.168,BTCUSDT
2025-09-30 01:36:02.053,114403.2,0.033,BTCUSDT
2025-09-30 01:36:02.053,114403.2,0.001,BTCUSDT
2025-09-30 01:36:02.053,114403.0,0.002,BTCUSDT
2025-09-30 01:36:02.053,114403.0,1.5,BTCUSDT
2025-09-30 01:36:02.053,114403.0,0.002,BTCUSDT
2025-09-30 01:36:02.053,114403.0,0.039,BTCUSDT
2025-09-30 01:36:02.053,114403.0,0.007,BTCUSDT
2025-09-30 01:36:02.053,114402.9,0.001,BTCUSDT
2025-09-30 01:36:02.053,114402.8,0.006,BTCUSDT
2025-09-30 01:36:02.053,114402.7,0.002,BTCUSDT
2025-09-30 01:36:02.053,114402.7,0.006,BTCUSDT
2025-09-30 01:36:02.053,114402.6,0.007,BTCUSDT
2025-09-30 01:36:02.053,114402.4,0.001,BTCUSDT
2025-09-30 01:36:02.053,114402.2,0.002,BTCUSDT
2025-09-30 01:36:02.053,114402.2,0.065,BTCUSDT
2025-09-30 01:36:02.053,114402.1,0.001,BTCUSDT
2025-09-30 01:36:02.053,114402.1,0.002,BTCUSDT
2025-09-30 01:36:02.053,114401.8,0.002,BTCUSDT
2025-09-30 01:36:02.053,114401.7,0.003,BTCUSDT
2025-09-30 01:36:02.053,114401.7,0.017,BTCUSDT
2025-09-30 01:36:02.053,114401.6,0.002,BTCUSDT
2025-09-30 01:36:02.053,114401.5,0.002,BTCUSDT
2025-09-30 01:36:02.053,114401.4,0.066,BTCUSDT
2025-09-30 01:36:02.053,114401.2,0.001,BTCUSDT
2025-09-30 01:36:02.053,114401.1,0.001,BTCUSDT
2025-09-30 01:36:02.053,114401.1,0.001,BTCUSDT
2025-09-30 01:36:02.053,114401.1,0.087,BTCUSDT
2025-09-30 01:36:02.053,114401.0,0.002,BTCUSDT
2025-09-30 01:36:02.053,114400.9,0.002,BTCUSDT
2025-09-30 01:36:02.053,114400.8,1.0,BTCUSDT
2025-09-30 01:36:02.053,114400.7,0.001,BTCUSDT
2025-09-30 01:36:02.053,114400.7,0.002,BTCUSDT
2025-09-30 01:36:02.053,114400.7,0.063,BTCUSDT
2025-09-30 01:36:02.053,114400.6,0.03,BTCUSDT
2025-09-30 01:36:02.053,114400.6,0.002,BTCUSDT
2025-09-30 01:36:02.053,114400.5,0.855,BTCUSDT
2025-09-30 01:36:02.071,114400.6,0.013,BTCUSDT
2025-09-30 01:36:02.224,114400.6,0.002,BTCUSDT
2025-09-30 01:36:02.306,114400.5,0.001,BTCUSDT
2025-09-30 01:36:02.306,114400.5,0.001,BTCUSDT
2025-09-30 01:36:02.306,114400.5,0.001,BTCUSDT
2025-09-30 01:36:02.306,114400.5,0.001,BTCUSDT
2025-09-30 01:36:02.306,114400.5,0.001,BTCUSDT
2025-09-30 01:36:02.306,114400.5,0.017,BTCUSDT
2025-09-30 01:36:02.335,114400.5,0.011,BTCUSDT
2025-09-30 01:36:02.364,114400.5,0.001,BTCUSDT
2025-09-30 01:36:02.565,114400.5,0.034,BTCUSDT
2025-09-30 01:36:02.984,114400.6,0.044,BTCUSDT
2025-09-30 01:36:03.197,114400.5,0.002,BTCUSDT
2025-09-30 01:36:03.413,114400.5,0.105,BTCUSDT
2025-09-30 01:36:03.413,114400.5,0.095,BTCUSDT
2025-09-30 01:36:03.547,114400.6,0.119,BTCUSDT
2025-09-30 01:36:03.919,114400.6,0.004,BTCUSDT
2025-09-30 01:36:04.022,114400.5,0.001,BTCUSDT
2025-09-30 01:36:04.099,114400.6,0.043,BTCUSDT
2025-09-30 01:36:04.513,114400.6,0.001,BTCUSDT
2025-09-30 01:36:04.526,114400.6,0.001,BTCUSDT
2025-09-30 01:36:04.611,114400.5,0.001,BTCUSDT
2025-09-30 01:36:04.667,114400.6,0.001,BTCUSDT
2025-09-30 01:36:04.716,114400.6,0.003,BTCUSDT
2025-09-30 01:36:04.796,114400.6,0.008,BTCUSDT
2025-09-30 01:36:05.026,114400.5,0.068,BTCUSDT
2025-09-30 01:36:05.026,114400.5,0.001,BTCUSDT
2025-09-30 01:36:05.026,114400.5,0.003,BTCUSDT
2025-09-30 01:36:05.026,114400.5,0.001,BTCUSDT
2025-09-30 01:36:05.026,114400.5,0.001,BTCUSDT
2025-09-30 01:36:05.026,114400.5,0.005,BTCUSDT
2025-09-30 01:36:05.143,114400.6,0.043,BTCUSDT
2025-09-30 01:36:05.540,114400.6,0.017,BTCUSDT
2025-09-30 01:36:05.576,114400.6,0.013,BTCUSDT
2025-09-30 01:36:05.598,114400.5,0.008,BTCUSDT
2025-09-30 01:36:05.816,114400.5,0.003,BTCUSDT
2025-09-30 01:36:06.139,114400.5,0.001,BTCUSDT
2025-09-30 01:36:06.139,114400.5,0.011,BTCUSDT
2025-09-30 01:36:06.278,114400.6,0.043,BTCUSDT
2025-09-30 01:36:06.709,114400.5,0.012,BTCUSDT
2025-09-30 01:36:06.981,114400.6,0.002,BTCUSDT
2025-09-30 01:36:06.985,114400.5,0.111,BTCUSDT
2025-09-30 01:36:06.985,114400.5,0.193,BTCUSDT
2025-09-30 01:36:06.985,114400.5,0.002,BTCUSDT
2025-09-30 01:36:06.985,114400.5,0.002,BTCUSDT
2025-09-30 01:36:06.985,114400.5,0.002,BTCUSDT
2025-09-30 01:36:06.985,114400.5,0.001,BTCUSDT
2025-09-30 01:36:06.985,114400.5,0.002,BTCUSDT
2025-09-30 01:36:06.985,114400.5,0.001,BTCUSDT
2025-09-30 01:36:06.985,114400.5,0.002,BTCUSDT
2025-09-30 01:36:06.985,114400.5,0.643,BTCUSDT
2025-09-30 01:36:06.985,114400.5,0.03,BTCUSDT
2025-09-30 01:36:06.985,114400.5,0.087,BTCUSDT
2025-09-30 01:36:06.985,114400.5,0.087,BTCUSDT
2025-09-30 01:36:06.985,114400.5,0.001,BTCUSDT
2025-09-30 01:36:06.985,114400.5,0.087,BTCUSDT
2025-09-30 01:36:06.985,114400.5,0.087,BTCUSDT
2025-09-30 01:36:06.985,114400.5,0.006,BTCUSDT
2025-09-30 01:36:06.985,114400.5,0.349,BTCUSDT
2025-09-30 01:36:06.985,114400.5,0.237,BTCUSDT
2025-09-30 01:36:06.985,114400.5,0.001,BTCUSDT
2025-09-30 01:36:06.985,114400.5,0.276,BTCUSDT
2025-09-30 01:36:06.985,114400.5,0.07,BTCUSDT
2025-09-30 01:36:06.985,114400.5,0.125,BTCUSDT
2025-09-30 01:36:06.985,114400.5,0.216,BTCUSDT
2025-09-30 01:36:06.985,114400.5,0.8,BTCUSDT
2025-09-30 01:36:06.985,114400.5,0.382,BTCUSDT
2025-09-30 01:36:06.985,114400.5,0.715,BTCUSDT
2025-09-30 01:36:06.985,114400.5,0.04,BTCUSDT
2025-09-30 01:36:06.985,114400.5,0.004,BTCUSDT
2025-09-30 01:36:06.985,114400.5,0.007,BTCUSDT
2025-09-30 01:36:06.985,114400.5,0.009,BTCUSDT
2025-09-30 01:36:06.985,114400.5,0.146,BTCUSDT
2025-09-30 01:36:06.985,114400.5,0.25,BTCUSDT
2025-09-30 01:36:06.985,114400.5,0.007,BTCUSDT
2025-09-30 01:36:06.985,114400.5,0.225,BTCUSDT
2025-09-30 01:36:06.985,114400.5,0.004,BTCUSDT
2025-09-30 01:36:06.985,114400.5,0.001,BTCUSDT
2025-09-30 01:36:06.985,114400.5,0.001,BTCUSDT
2025-09-30 01:36:06.985,114400.5,0.036,BTCUSDT
2025-09-30 01:36:06.985,114400.5,0.493,BTCUSDT
2025-09-30 01:36:06.985,114400.5,0.034,BTCUSDT
2025-09-30 01:36:06.985,114400.5,0.085,BTCUSDT
2025-09-30 01:36:06.985,114400.5,0.001,BTCUSDT
2025-09-30 01:36:06.985,114400.5,1.5,BTCUSDT
2025-09-30 01:36:06.985,114400.5,0.001,BTCUSDT
2025-09-30 01:36:06.985,114400.5,0.033,BTCUSDT
2025-09-30 01:36:06.985,114400.5,0.164,BTCUSDT
2025-09-30 01:36:06.985,114400.5,0.065,BTCUSDT
2025-09-30 01:36:06.985,114400.5,0.051,BTCUSDT
2025-09-30 01:36:06.985,114400.5,0.004,BTCUSDT
2025-09-30 01:36:06.985,114400.5,0.148,BTCUSDT
2025-09-30 01:36:06.985,114400.5,0.001,BTCUSDT
2025-09-30 01:36:06.985,114400.5,0.001,BTCUSDT
2025-09-30 01:36:06.985,114400.5,0.001,BTCUSDT
2025-09-30 01:36:06.985,114400.5,0.001,BTCUSDT
2025-09-30 01:36:06.985,114400.5,0.003,BTCUSDT
2025-09-30 01:36:06.985,114400.5,0.003,BTCUSDT
2025-09-30 01:36:06.985,114400.5,0.003,BTCUSDT
2025-09-30 01:36:06.985,114400.5,0.002,BTCUSDT
2025-09-30 01:36:06.985,114400.5,0.004,BTCUSDT
2025-09-30 01:36:06.985,114400.5,0.029,BTCUSDT
2025-09-30 01:36:06.985,114400.5,0.027,BTCUSDT
2025-09-30 01:36:06.985,114400.5,0.969,BTCUSDT
2025-09-30 01:36:06.985,114400.5,0.1,BTCUSDT
2025-09-30 01:36:06.985,114400.5,0.006,BTCUSDT
2025-09-30 01:36:06.987,114400.5,0.002,BTCUSDT
2025-09-30 01:36:06.987,114400.4,0.001,BTCUSDT
2025-09-30 01:36:06.987,114400.4,0.001,BTCUSDT
2025-09-30 01:36:06.987,114400.4,0.001,BTCUSDT
2025-09-30 01:36:06.987,114400.4,0.002,BTCUSDT
2025-09-30 01:36:06.987,114400.4,0.001,BTCUSDT
2025-09-30 01:36:06.987,114400.4,0.001,BTCUSDT
2025-09-30 01:36:06.987,114400.4,0.001,BTCUSDT
2025-09-30 01:36:07.217,114400.3,0.043,BTCUSDT
2025-09-30 01:36:07.217,114400.3,0.002,BTCUSDT
2025-09-30 01:36:07.217,114400.3,0.001,BTCUSDT
2025-09-30 01:36:07.217,114400.3,0.001,BTCUSDT
2025-09-30 01:36:07.217,114400.3,0.001,BTCUSDT
2025-09-30 01:36:07.217,114400.3,0.019,BTCUSDT
2025-09-30 01:36:07.217,114400.3,0.001,BTCUSDT
2025-09-30 01:36:07.217,114400.3,0.001,BTCUSDT
2025-09-30 01:36:07.217,114400.3,0.006,BTCUSDT
2025-09-30 01:36:07.217,114400.3,0.002,BTCUSDT
2025-09-30 01:36:07.217,114400.3,0.006,BTCUSDT
2025-09-30 01:36:07.217,114400.3,0.001,BTCUSDT
2025-09-30 01:36:07.217,114400.3,0.002,BTCUSDT
2025-09-30 01:36:07.217,114400.2,0.002,BTCUSDT
2025-09-30 01:36:07.217,114400.2,0.001,BTCUSDT
2025-09-30 01:36:07.217,114400.2,0.001,BTCUSDT
2025-09-30 01:36:07.222,114400.1,0.02,BTCUSDT
2025-09-30 01:36:07.222,114400.1,0.008,BTCUSDT
2025-09-30 01:36:07.222,114400.1,0.001,BTCUSDT
2025-09-30 01:36:07.223,114400.1,0.001,BTCUSDT
2025-09-30 01:36:07.223,114400.1,0.002,BTCUSDT
2025-09-30 01:36:07.223,114400.1,0.004,BTCUSDT
2025-09-30 01:36:07.340,114400.1,0.043,BTCUSDT
2025-09-30 01:36:07.964,114400.0,0.001,BTCUSDT
2025-09-30 01:36:07.964,114400.0,0.026,BTCUSDT
2025-09-30 01:36:07.965,114400.0,0.002,BTCUSDT
2025-09-30 01:36:07.965,114400.0,0.001,BTCUSDT
2025-09-30 01:36:07.965,114400.0,0.003,BTCUSDT
2025-09-30 01:36:07.965,114400.0,0.006,BTCUSDT
2025-09-30 01:36:07.965,114400.0,0.008,BTCUSDT
2025-09-30 01:36:07.965,114400.0,0.001,BTCUSDT
2025-09-30 01:36:07.965,114400.0,0.004,BTCUSDT
2025-09-30 01:36:07.965,114400.0,0.001,BTCUSDT
2025-09-30 01:36:07.965,114400.0,0.001,BTCUSDT
2025-09-30 01:36:07.965,114400.0,0.003,BTCUSDT
2025-09-30 01:36:07.965,114400.0,0.06,BTCUSDT
2025-09-30 01:36:08.299,114400.1,0.043,BTCUSDT
2025-09-30 01:36:08.338,114400.1,0.002,BTCUSDT
2025-09-30 01:36:08.494,114400.0,0.003,BTCUSDT
2025-09-30 01:36:08.936,114400.0,0.034,BTCUSDT
2025-09-30 01:36:09.230,114400.1,0.01,BTCUSDT
2025-09-30 01:36:09.384,114400.0,0.016,BTCUSDT
2025-09-30 01:36:09.384,114400.0,0.003,BTCUSDT
2025-09-30 01:36:09.384,114400.0,0.001,BTCUSDT
2025-09-30 01:36:09.384,114400.0,0.005,BTCUSDT
2025-09-30 01:36:09.384,114400.0,0.013,BTCUSDT
2025-09-30 01:36:09.384,114400.0,0.013,BTCUSDT
2025-09-30 01:36:09.384,114400.0,0.004,BTCUSDT
2025-09-30 01:36:09.384,114400.0,0.001,BTCUSDT
2025-09-30 01:36:09.384,114400.0,0.001,BTCUSDT
2025-09-30 01:36:09.384,114400.0,0.001,BTCUSDT
2025-09-30 01:36:09.384,114400.0,0.001,BTCUSDT
2025-09-30 01:36:09.384,114400.0,0.001,BTCUSDT
2025-09-30 01:36:09.384,114400.0,0.008,BTCUSDT
2025-09-30 01:36:09.384,114400.0,0.008,BTCUSDT
2025-09-30 01:36:09.384,114400.0,0.003,BTCUSDT
2025-09-30 01:36:09.384,114400.0,0.001,BTCUSDT
2025-09-30 01:36:09.384,114400.0,0.002,BTCUSDT
2025-09-30 01:36:09.384,114400.0,0.001,BTCUSDT
2025-09-30 01:36:09.384,114400.0,0.001,BTCUSDT
2025-09-30 01:36:09.384,114400.0,0.001,BTCUSDT
2025-09-30 01:36:09.384,114400.0,0.006,BTCUSDT
2025-09-30 01:36:09.384,114400.0,0.001,BTCUSDT
2025-09-30 01:36:09.384,114400.0,0.001,BTCUSDT
2025-09-30 01:36:09.384,114400.0,0.017,BTCUSDT
2025-09-30 01:36:09.384,114400.0,0.017,BTCUSDT
2025-09-30 01:36:09.384,114400.0,0.003,BTCUSDT
2025-09-30 01:36:09.384,114400.0,0.001,BTCUSDT
2025-09-30 01:36:09.384,114400.0,0.001,BTCUSDT
2025-09-30 01:36:09.384,114400.0,0.002,BTCUSDT
2025-09-30 01:36:09.384,114400.0,0.002,BTCUSDT
2025-09-30 01:36:09.384,114400.0,0.005,BTCUSDT
2025-09-30 01:36:09.384,114400.0,0.004,BTCUSDT
2025-09-30 01:36:09.384,114400.0,0.006,BTCUSDT
2025-09-30 01:36:09.384,114400.0,0.011,BTCUSDT
2025-09-30 01:36:09.384,114400.0,0.001,BTCUSDT
2025-09-30 01:36:09.384,114400.0,0.001,BTCUSDT
2025-09-30 01:36:09.384,114400.0,0.001,BTCUSDT
2025-09-30 01:36:09.384,114400.0,0.001,BTCUSDT
2025-09-30 01:36:09.384,114400.0,0.001,BTCUSDT
2025-09-30 01:36:09.384,114400.0,0.001,BTCUSDT
2025-09-30 01:36:09.384,114400.0,0.024,BTCUSDT
2025-09-30 01:36:09.384,114400.0,0.002,BTCUSDT
2025-09-30 01:36:09.384,114400.0,0.017,BTCUSDT
2025-09-30 01:36:09.435,114400.0,0.024,BTCUSDT
2025-09-30 01:36:09.444,114400.0,0.034,BTCUSDT
2025-09-30 01:36:09.529,114400.0,0.025,BTCUSDT
2025-09-30 01:36:09.529,114400.0,0.009,BTCUSDT
2025-09-30 01:36:09.538,114400.0,0.034,BTCUSDT
2025-09-30 01:36:09.588,114400.0,0.027,BTCUSDT
2025-09-30 01:36:09.588,114400.0,0.001,BTCUSDT
2025-09-30 01:36:09.588,114400.0,0.005,BTCUSDT
2025-09-30 01:36:09.588,114400.0,0.02,BTCUSDT
2025-09-30 01:36:09.588,114400.0,0.001,BTCUSDT
2025-09-30 01:36:09.588,114400.0,0.041,BTCUSDT
2025-09-30 01:36:09.611,114400.0,0.034,BTCUSDT
2025-09-30 01:36:09.639,114400.0,0.023,BTCUSDT
2025-09-30 01:36:09.639,114400.0,0.011,BTCUSDT
2025-09-30 01:36:09.705,114400.0,0.015,BTCUSDT
2025-09-30 01:36:09.705,114400.0,0.019,BTCUSDT
2025-09-30 01:36:09.789,114400.0,0.034,BTCUSDT
2025-09-30 01:36:09.811,114400.1,0.042,BTCUSDT
2025-09-30 01:36:09.868,114400.0,0.027,BTCUSDT
2025-09-30 01:36:09.868,114400.0,0.001,BTCUSDT
2025-09-30 01:36:09.868,114400.0,0.006,BTCUSDT
2025-09-30 01:36:10.555,114400.0,0.014,BTCUSDT
2025-09-30 01:36:10.555,114400.0,0.001,BTCUSDT
2025-09-30 01:36:10.555,114400.0,0.019,BTCUSDT
2025-09-30 01:36:10.835,114400.0,0.011,BTCUSDT
2025-09-30 01:36:11.184,114400.1,0.636,BTCUSDT
2025-09-30 01:36:11.184,114400.1,0.152,BTCUSDT
2025-09-30 01:36:11.184,114400.1,0.348,BTCUSDT
2025-09-30 01:36:11.184,114400.1,0.152,BTCUSDT
2025-09-30 01:36:11.184,114400.1,1.644,BTCUSDT
2025-09-30 01:36:11.184,114400.1,0.603,BTCUSDT
2025-09-30 01:36:11.184,114400.1,0.295,BTCUSDT
2025-09-30 01:36:11.184,114400.1,0.001,BTCUSDT
2025-09-30 01:36:11.184,114400.1,0.463,BTCUSDT
2025-09-30 01:36:11.185,114400.1,0.216,BTCUSDT
2025-09-30 01:36:11.185,114400.1,0.195,BTCUSDT
2025-09-30 01:36:11.185,114400.1,0.001,BTCUSDT
2025-09-30 01:36:11.185,114400.1,0.05,BTCUSDT
2025-09-30 01:36:11.185,114400.1,0.001,BTCUSDT
2025-09-30 01:36:11.185,114400.1,0.001,BTCUSDT
2025-09-30 01:36:11.185,114400.1,0.029,BTCUSDT
2025-09-30 01:36:11.185,114400.1,0.904,BTCUSDT
2025-09-30 01:36:11.185,114400.1,0.001,BTCUSDT
2025-09-30 01:36:11.185,114400.1,0.001,BTCUSDT
2025-09-30 01:36:11.185,114400.1,0.001,BTCUSDT
2025-09-30 01:36:11.185,114400.1,0.005,BTCUSDT
2025-09-30 01:36:11.185,114400.1,0.062,BTCUSDT
2025-09-30 01:36:11.185,114400.1,0.001,BTCUSDT
2025-09-30 01:36:11.185,114400.1,0.001,BTCUSDT
2025-09-30 01:36:11.185,114400.1,0.002,BTCUSDT
2025-09-30 01:36:11.185,114400.1,0.01,BTCUSDT
2025-09-30 01:36:11.185,114400.1,0.014,BTCUSDT
2025-09-30 01:36:11.185,114400.1,0.01,BTCUSDT
2025-09-30 01:36:11.185,114400.1,0.009,BTCUSDT
2025-09-30 01:36:11.185,114400.1,0.003,BTCUSDT
2025-09-30 01:36:11.185,114400.1,0.005,BTCUSDT
2025-09-30 01:36:11.185,114400.1,0.008,BTCUSDT
2025-09-30 01:36:11.185,114400.1,0.008,BTCUSDT
2025-09-30 01:36:11.185,114400.1,0.008,BTCUSDT
2025-09-30 01:36:11.185,114400.1,0.009,BTCUSDT
2025-09-30 01:36:11.185,114400.1,0.005,BTCUSDT
2025-09-30 01:36:11.185,114400.1,0.044,BTCUSDT
2025-09-30 01:36:11.185,114400.1,0.012,BTCUSDT
2025-09-30 01:36:11.185,114400.1,0.191,BTCUSDT
2025-09-30 01:36:11.185,114400.1,0.012,BTCUSDT
2025-09-30 01:36:11.185,114400.1,0.313,BTCUSDT
2025-09-30 01:36:11.185,114400.1,0.003,BTCUSDT
2025-09-30 01:36:11.185,114400.1,0.002,BTCUSDT
2025-09-30 01:36:11.185,114400.1,0.001,BTCUSDT
2025-09-30 01:36:11.185,114400.1,0.047,BTCUSDT
2025-09-30 01:36:11.185,114400.1,0.004,BTCUSDT
2025-09-30 01:36:11.185,114400.1,0.087,BTCUSDT
2025-09-30 01:36:11.185,114400.1,0.087,BTCUSDT
2025-09-30 01:36:11.185,114400.1,0.087,BTCUSDT
2025-09-30 01:36:11.185,114400.1,0.014,BTCUSDT
2025-09-30 01:36:11.185,114400.1,0.252,BTCUSDT
2025-09-30 01:36:11.185,114400.1,0.003,BTCUSDT
2025-09-30 01:36:11.185,114400.1,0.003,BTCUSDT
2025-09-30 01:36:11.185,114400.1,0.001,BTCUSDT
2025-09-30 01:36:11.185,114400.1,0.002,BTCUSDT
2025-09-30 01:36:11.185,114400.1,0.094,BTCUSDT
2025-09-30 01:36:11.185,114400.1,0.047,BTCUSDT
2025-09-30 01:36:11.185,114400.1,0.022,BTCUSDT
2025-09-30 01:36:11.186,114400.1,0.061,BTCUSDT
2025-09-30 01:36:11.186,114400.1,0.006,BTCUSDT
2025-09-30 01:36:11.186,114400.1,0.178,BTCUSDT
2025-09-30 01:36:11.186,114400.1,0.002,BTCUSDT
2025-09-30 01:36:11.186,114400.1,0.065,BTCUSDT
2025-09-30 01:36:11.186,114400.1,0.002,BTCUSDT
2025-09-30 01:36:11.186,114400.1,0.009,BTCUSDT
2025-09-30 01:36:11.186,114400.1,0.001,BTCUSDT
2025-09-30 01:36:11.186,114400.2,0.001,BTCUSDT
2025-09-30 01:36:11.186,114400.2,0.001,BTCUSDT
2025-09-30 01:36:11.186,114400.2,0.005,BTCUSDT
2025-09-30 01:36:11.186,114400.2,0.001,BTCUSDT
2025-09-30 01:36:11.186,114400.2,0.104,BTCUSDT
2025-09-30 01:36:11.186,114400.2,0.001,BTCUSDT
2025-09-30 01:36:11.186,114400.2,0.002,BTCUSDT
2025-09-30 01:36:11.186,114400.2,0.001,BTCUSDT
2025-09-30 01:36:11.186,114400.2,0.001,BTCUSDT
2025-09-30 01:36:11.186,114400.2,0.002,BTCUSDT
2025-09-30 01:36:11.186,114400.2,0.002,BTCUSDT
2025-09-30 01:36:11.186,114400.2,0.002,BTCUSDT
2025-09-30 01:36:11.186,114400.3,0.001,BTCUSDT
2025-09-30 01:36:11.186,114400.3,0.002,BTCUSDT
2025-09-30 01:36:11.186,114400.4,0.001,BTCUSDT
2025-09-30 01:36:11.186,114400.4,0.001,BTCUSDT
2025-09-30 01:36:11.186,114400.4,0.001,BTCUSDT
2025-09-30 01:36:11.186,114400.4,0.001,BTCUSDT
2025-09-30 01:36:11.186,114400.4,0.001,BTCUSDT
2025-09-30 01:36:11.186,114400.4,0.001,BTCUSDT
2025-09-30 01:36:11.186,114400.4,0.001,BTCUSDT
2025-09-30 01:36:11.186,114400.4,0.002,BTCUSDT
2025-09-30 01:36:11.186,114400.5,0.001,BTCUSDT
2025-09-30 01:36:11.186,114400.5,0.014,BTCUSDT
2025-09-30 01:36:11.186,114400.5,0.018,BTCUSDT
2025-09-30 01:36:11.186,114400.5,0.002,BTCUSDT
2025-09-30 01:36:11.186,114400.6,0.001,BTCUSDT
2025-09-30 01:36:11.186,114400.6,0.001,BTCUSDT
2025-09-30 01:36:11.186,114400.6,0.001,BTCUSDT
2025-09-30 01:36:11.186,114400.6,0.001,BTCUSDT
2025-09-30 01:36:11.186,114400.6,0.001,BTCUSDT
2025-09-30 01:36:11.186,114400.6,0.001,BTCUSDT
2025-09-30 01:36:11.186,114400.6,0.001,BTCUSDT
2025-09-30 01:36:11.186,114400.6,0.001,BTCUSDT
2025-09-30 01:36:11.186,114400.6,0.001,BTCUSDT
2025-09-30 01:36:11.186,114400.6,0.002,BTCUSDT
2025-09-30 01:36:11.186,114400.6,0.001,BTCUSDT
2025-09-30 01:36:11.186,114400.6,0.001,BTCUSDT
2025-09-30 01:36:11.186,114400.6,0.001,BTCUSDT
2025-09-30 01:36:11.186,114400.6,0.018,BTCUSDT
2025-09-30 01:36:11.186,114400.6,0.001,BTCUSDT
2025-09-30 01:36:11.186,114400.6,0.024,BTCUSDT
2025-09-30 01:36:11.186,114400.6,0.023,BTCUSDT
2025-09-30 01:36:11.186,114400.6,0.024,BTCUSDT
2025-09-30 01:36:11.186,114400.6,0.024,BTCUSDT
2025-09-30 01:36:11.186,114400.6,0.001,BTCUSDT
2025-09-30 01:36:11.186,114400.6,0.005,BTCUSDT
2025-09-30 01:36:11.186,114400.6,0.001,BTCUSDT
2025-09-30 01:36:11.186,114400.6,0.001,BTCUSDT
2025-09-30 01:36:11.188,114400.7,0.001,BTCUSDT
2025-09-30 01:36:11.188,114401.1,0.012,BTCUSDT
2025-09-30 01:36:11.191,114401.1,0.051,BTCUSDT
2025-09-30 01:36:11.194,114401.1,0.024,BTCUSDT
2025-09-30 01:36:11.194,114401.1,0.042,BTCUSDT
2025-09-30 01:36:11.196,114401.1,0.022,BTCUSDT
2025-09-30 01:36:11.196,114401.1,0.023,BTCUSDT
2025-09-30 01:36:11.196,114401.2,0.002,BTCUSDT
2025-09-30 01:36:11.196,114401.2,0.001,BTCUSDT
2025-09-30 01:36:11.196,114401.2,0.016,BTCUSDT
2025-09-30 01:36:11.196,114401.2,0.028,BTCUSDT
2025-09-30 01:36:11.196,114401.2,0.024,BTCUSDT
2025-09-30 01:36:11.196,114401.2,0.027,BTCUSDT
2025-09-30 01:36:11.197,114401.6,0.002,BTCUSDT
2025-09-30 01:36:11.197,114401.6,0.002,BTCUSDT
2025-09-30 01:36:11.197,114401.8,0.002,BTCUSDT
2025-09-30 01:36:11.197,114402.4,0.002,BTCUSDT
2025-09-30 01:36:11.197,114402.7,0.002,BTCUSDT
2025-09-30 01:36:11.197,114402.9,0.001,BTCUSDT
2025-09-30 01:36:11.197,114403.0,0.002,BTCUSDT
2025-09-30 01:36:11.209,114403.4,0.002,BTCUSDT
2025-09-30 01:36:11.209,114403.4,0.027,BTCUSDT
2025-09-30 01:36:11.209,114403.4,0.014,BTCUSDT
2025-09-30 01:36:11.209,114403.4,0.001,BTCUSDT
2025-09-30 01:36:11.209,114403.4,0.001,BTCUSDT
2025-09-30 01:36:11.209,114403.4,0.001,BTCUSDT
2025-09-30 01:36:11.209,114403.4,0.001,BTCUSDT
2025-09-30 01:36:11.209,114403.6,0.002,BTCUSDT
2025-09-30 01:36:11.224,114403.8,0.002,BTCUSDT
2025-09-30 01:36:11.224,114403.8,0.002,BTCUSDT
2025-09-30 01:36:11.224,114403.8,0.001,BTCUSDT
2025-09-30 01:36:11.224,114403.8,0.001,BTCUSDT
2025-09-30 01:36:11.224,114403.8,0.001,BTCUSDT
2025-09-30 01:36:11.224,114403.8,0.001,BTCUSDT
2025-09-30 01:36:11.224,114403.8,0.001,BTCUSDT
2025-09-30 01:36:11.224,114403.8,0.001,BTCUSDT
2025-09-30 01:36:11.224,114404.1,0.001,BTCUSDT
2025-09-30 01:36:11.224,114404.2,0.002,BTCUSDT
2025-09-30 01:36:11.224,114404.4,0.001,BTCUSDT
2025-09-30 01:36:11.224,114404.4,0.01,BTCUSDT
2025-09-30 01:36:11.224,114404.5,0.002,BTCUSDT
2025-09-30 01:36:11.224,114404.6,0.001,BTCUSDT
2025-09-30 01:36:11.224,114404.6,0.007,BTCUSDT
2025-09-30 01:36:11.224,114404.6,0.007,BTCUSDT
2025-09-30 01:36:11.224,114405.0,0.002,BTCUSDT
2025-09-30 01:36:11.224,114405.0,0.002,BTCUSDT
2025-09-30 01:36:11.224,114405.0,0.038,BTCUSDT
2025-09-30 01:36:11.265,114405.0,0.009,BTCUSDT
2025-09-30 01:36:11.265,114405.0,0.005,BTCUSDT
2025-09-30 01:36:11.268,114405.0,0.087,BTCUSDT
2025-09-30 01:36:11.289,114404.9,0.008,BTCUSDT
2025-09-30 01:36:11.301,114405.0,0.001,BTCUSDT
2025-09-30 01:36:11.301,114405.0,0.001,BTCUSDT
2025-09-30 01:36:11.302,114405.0,0.001,BTCUSDT
2025-09-30 01:36:11.302,114405.0,0.001,BTCUSDT
2025-09-30 01:36:11.302,114405.0,0.001,BTCUSDT
2025-09-30 01:36:11.302,114405.0,0.001,BTCUSDT
2025-09-30 01:36:11.302,114405.0,0.001,BTCUSDT
2025-09-30 01:36:11.302,114405.0,0.001,BTCUSDT
2025-09-30 01:36:11.302,114405.0,0.001,BTCUSDT
2025-09-30 01:36:11.302,114405.0,0.001,BTCUSDT
2025-09-30 01:36:11.302,114405.0,0.001,BTCUSDT
2025-09-30 01:36:11.302,114405.0,0.006,BTCUSDT
2025-09-30 01:36:11.302,114405.0,0.001,BTCUSDT
2025-09-30 01:36:11.315,114405.0,0.051,BTCUSDT
2025-09-30 01:36:11.317,114405.0,0.012,BTCUSDT
2025-09-30 01:36:11.317,114405.0,0.087,BTCUSDT
2025-09-30 01:36:11.317,114405.0,0.009,BTCUSDT
2025-09-30 01:36:11.317,114405.0,0.002,BTCUSDT
2025-09-30 01:36:11.317,114405.0,0.006,BTCUSDT
2025-09-30 01:36:11.317,114405.0,0.001,BTCUSDT
2025-09-30 01:36:11.317,114405.0,0.002,BTCUSDT
2025-09-30 01:36:11.317,114405.0,0.001,BTCUSDT
2025-09-30 01:36:11.317,114405.0,0.002,BTCUSDT
2025-09-30 01:36:11.317,114405.1,0.002,BTCUSDT
2025-09-30 01:36:11.340,114405.6,0.002,BTCUSDT
2025-09-30 01:36:11.340,114405.6,0.04,BTCUSDT
2025-09-30 01:36:11.358,114405.6,0.037,BTCUSDT
2025-09-30 01:36:11.358,114405.6,0.001,BTCUSDT
2025-09-30 01:36:11.358,114405.6,0.001,BTCUSDT
2025-09-30 01:36:11.358,114405.6,0.001,BTCUSDT
2025-09-30 01:36:11.358,114405.6,0.009,BTCUSDT
2025-09-30 01:36:11.358,114405.6,0.004,BTCUSDT
2025-09-30 01:36:11.358,114405.6,0.001,BTCUSDT
2025-09-30 01:36:11.358,114405.8,0.002,BTCUSDT
2025-09-30 01:36:11.358,114405.8,0.002,BTCUSDT
2025-09-30 01:36:11.358,114405.9,0.002,BTCUSDT
2025-09-30 01:36:11.358,114406.0,0.017,BTCUSDT
2025-09-30 01:36:11.361,114406.0,0.042,BTCUSDT
2025-09-30 01:36:11.394,114406.0,0.006,BTCUSDT
2025-09-30 01:36:11.394,114406.0,0.001,BTCUSDT
2025-09-30 01:36:11.394,114406.0,0.001,BTCUSDT
2025-09-30 01:36:11.394,114406.0,0.001,BTCUSDT
2025-09-30 01:36:11.398,114406.0,0.003,BTCUSDT
2025-09-30 01:36:11.398,114406.0,0.001,BTCUSDT
2025-09-30 01:36:11.398,114406.0,0.026,BTCUSDT
2025-09-30 01:36:11.428,114406.0,0.04,BTCUSDT
2025-09-30 01:36:11.428,114406.0,0.008,BTCUSDT
2025-09-30 01:36:11.428,114406.0,0.001,BTCUSDT
2025-09-30 01:36:11.428,114406.0,0.001,BTCUSDT
2025-09-30 01:36:11.428,114406.0,0.012,BTCUSDT
2025-09-30 01:36:11.447,114406.1,0.002,BTCUSDT
2025-09-30 01:36:11.447,114406.1,0.002,BTCUSDT
2025-09-30 01:36:11.447,114406.1,0.001,BTCUSDT
2025-09-30 01:36:11.447,114406.1,0.001,BTCUSDT
2025-09-30 01:36:11.453,114406.1,0.002,BTCUSDT
2025-09-30 01:36:11.453,114406.1,0.001,BTCUSDT
2025-09-30 01:36:11.453,114406.1,0.001,BTCUSDT
2025-09-30 01:36:11.453,114406.2,0.002,BTCUSDT
2025-09-30 01:36:11.453,114406.4,0.001,BTCUSDT
2025-09-30 01:36:11.453,114406.8,0.002,BTCUSDT
2025-09-30 01:36:11.453,114407.3,0.002,BTCUSDT
2025-09-30 01:36:11.453,114407.5,0.001,BTCUSDT
2025-09-30 01:36:11.453,114407.7,0.001,BTCUSDT
2025-09-30 01:36:11.453,114407.9,0.002,BTCUSDT
2025-09-30 01:36:11.453,114408.5,0.002,BTCUSDT
2025-09-30 01:36:11.453,114409.3,0.002,BTCUSDT
2025-09-30 01:36:11.453,114409.3,0.007,BTCUSDT
2025-09-30 01:36:11.453,114409.5,0.002,BTCUSDT
2025-09-30 01:36:11.453,114409.8,0.001,BTCUSDT
2025-09-30 01:36:11.453,114409.9,0.065,BTCUSDT
2025-09-30 01:36:11.453,114410.0,0.002,BTCUSDT
2025-09-30 01:36:11.453,114410.0,0.002,BTCUSDT
2025-09-30 01:36:11.453,114410.1,0.002,BTCUSDT
2025-09-30 01:36:11.453,114410.2,0.001,BTCUSDT
2025-09-30 01:36:11.453,114410.7,0.002,BTCUSDT
2025-09-30 01:36:11.453,114410.8,0.002,BTCUSDT
2025-09-30 01:36:11.453,114410.8,0.001,BTCUSDT
2025-09-30 01:36:11.476,114411.0,0.001,BTCUSDT
2025-09-30 01:36:11.476,114411.0,0.02,BTCUSDT
2025-09-30 01:36:11.476,114411.0,0.001,BTCUSDT
2025-09-30 01:36:11.476,114411.0,0.001,BTCUSDT
2025-09-30 01:36:11.476,114411.0,0.001,BTCUSDT
2025-09-30 01:36:11.476,114411.0,0.001,BTCUSDT
2025-09-30 01:36:11.476,114411.0,0.001,BTCUSDT
2025-09-30 01:36:11.476,114411.0,0.001,BTCUSDT
2025-09-30 01:36:11.476,114411.2,0.005,BTCUSDT
2025-09-30 01:36:11.489,114411.2,0.128,BTCUSDT
2025-09-30 01:36:11.489,114411.2,0.128,BTCUSDT
2025-09-30 01:36:11.489,114411.2,0.128,BTCUSDT
2025-09-30 01:36:11.489,114411.2,0.116,BTCUSDT
2025-09-30 01:36:11.579,114411.3,0.003,BTCUSDT
